% This file was created with JabRef 2.9.2.
% Encoding: Cp1252

@ARTICLE{dsa,
  author          = {EUROPEAN PARLIAMENT},
  journal         = {Proposal for a REGULATION OF THE EUROPEAN PARLIAMENT AND OF THE COUNCIL on a Single Market For Digital Services (Digital Services Act) and amending Directive 2000/31/EC},
  number          = {52020PC0825},
  title           = {Digital Services Act},
  volume          = {},
  year            = {2022}
}

@ARTILE{rfc9162,
  author         = {B. Laurie, R Stradling, E. Messeri},
  editor         = {IEEE RFC},
  publisher      = {IEEE},
  title          = {RFC 9162},
  year           = {2021}
}

@article{bc,
  author          = {Nakamoto, Satoshi},
  journal         = {Bitcoin RFC},
  number          = {},
  title           = {Bitcoin: A Peer-to-Peer Electronic Cash System" (PDF},
  volume          = {},
  year            = {2014}
}

@book{crybloc,
  author         = {EUROPEAN PARLIAMENT},
  editor         = {},
  publisher      = {europress},
  title          = {Cryptography and Blockchain},
  year           = {2022}
}

@article{pow,
  author          = {Jakobsson, Markus; Juels, Ari },
  journal         = {Secure Information Networks: Communications and Multimedia Security},
  number          = {258272},
  title           = {Proofs of Work and Bread Pudding Protocols},
  volume          = {},
  year            = {1999}
}

@article{banpow,
  author          = {Bateman, Tom},
  journal         = {euronews},
  number          = {},
  title           = {Ban proof of work crypto mining to save energy, EU regulator says},
  volume          = {},
  year            = {2022}
}

@article{survCos,
  author          = {Xiao Y},
  journal         = { IEEE Communications Surveys and Tutorials},
  number          = {14321465},
  title           = {A Survey of Distributed Consensus Protocols for Blockchain Networks},
  volume          = {22},
  year            = {2022}
}

@ARTICLE{9741872,
  author={Platt, Moritz and Sedlmeir, Johannes and Platt, Daniel and Xu, Jiahua and Tasca, Paolo and Vadgama, Nikhil and Iba√±ez, Juan Ignacio},
  booktitle={2021 IEEE 21st International Conference on Software Quality, Reliability and Security Companion (QRS-C)}, 
  title={The Energy Footprint of Blockchain Consensus Mechanisms Beyond Proof-of-Work}, 
  year={2021},
  volume={},
  number={},
  pages={1135-1144},
  doi={10.1109/QRS-C55045.2021.00168}
}

@article{key,
  author          = {Yuan, Y., Wang, F. },
  journal         = { Acta Automatica Sinica.},
  number          = {},
  title           = {Current Status and Prospects of Blockchain Technology},
  volume          = {},
  year            = {2016}
}

@article{key,
  author          = {Wang, H.Q., Wu, T.},
  journal         = {Journal of Nanjing University of Posts
and Telecommunications.},
  number          = { 37: 61-67.},
  title           = {Cryptography in Blockchain},
  volume          = {},
  year            = {2017}
}

@comment{jabref-meta: selector_review:}

@comment{jabref-meta: selector_publisher:}

@comment{jabref-meta: selector_author:}

@comment{jabref-meta: selector_journal:}

@comment{jabref-meta: selector_keywords:}

